<?xml version="1.0" encoding="UTF-8"?><collection><record><leader>04753ntm a2200469 a 4500</leader><controlfield tag="001">002641718</controlfield><controlfield tag="003">MiAaHDL</controlfield><controlfield tag="005">20200610000000.0</controlfield><controlfield tag="006">m        d        </controlfield><controlfield tag="007">cr bn ---auaua</controlfield><controlfield tag="008">930712s08uu    xx            00| | ara d</controlfield><datafield tag="035" ind1=" " ind2=" "><subfield code="a">(MiU)002641718</subfield></datafield><datafield tag="035" ind1=" " ind2=" "><subfield code="a">sdr-miu002641718</subfield></datafield><datafield tag="035" ind1=" " ind2=" "><subfield code="a">(RLIN)MIUH93-A188</subfield></datafield><datafield tag="040" ind1=" " ind2=" "><subfield code="a">MiU</subfield><subfield code="c">MiU</subfield><subfield code="e">amremm</subfield></datafield><datafield tag="130" ind1="0" ind2=" "><subfield code="6">880-01</subfield><subfield code="a">Qurʼan</subfield></datafield><datafield tag="245" ind1="1" ind2="3"><subfield code="6">880-02</subfield><subfield code="a">[al-Qurʼān,</subfield><subfield code="f">9th century].</subfield></datafield><datafield tag="260" ind1=" " ind2=" "><subfield code="c">[8--].</subfield></datafield><datafield tag="300" ind1=" " ind2=" "><subfield code="a">20 leaves :</subfield><subfield code="b">parchment ;</subfield><subfield code="c">128-132 x 195 (90 x 130) mm.</subfield></datafield><datafield tag="500" ind1=" " ind2=" "><subfield code="a">Origin: Lacks dated colophon ; script and ornament would suggest 9th century. Verse count of 123 provided in illuminated heading for Sūrat al-Māʼidah suggests a connection with the tradition of Qurʼānic transcription associated with al-Baṣrah (Iraq) via reports of the verse count for the "Baṣran codex" (al-Muṣḥaf al-Baṣrī), cf. such a report "وهي مئة وعشرون آية في الكوفي وعشرون وآيتان في المدنيين والمكي والشامي وعشرون وثلاث في البصري" in al-Dānī's (d.1053) al-Bayān fī ʻadd āy al-Qurʾān (Ed. Ghānim Qaddūrī al-Ḥamad, al-Kuywat: Markaz al-Makhṭūṭāt wa-al-Turāth wa-al-Wathāʾiq, 1994, p.149).</subfield></datafield><datafield tag="500" ind1=" " ind2=" "><subfield code="a">Former shelfmark: Isl. Ms. 162</subfield></datafield><datafield tag="500" ind1=" " ind2=" "><subfield code="a">Support: Parchment ; some abrasion, losses of ink and pigment, occasionally resupplied by later hands.</subfield></datafield><datafield tag="500" ind1=" " ind2=" "><subfield code="a">Decoration: Illuminated medallions / roundels of Déroche style 2' A.II (incorporating dark green and red as well as gold and outline in black) mark ten verses ; illuminated hāʼ (abjad numerals 5) marks five verses ; illuminated sūrah heading for Sūrat al-Māʼidah, "المائدة مائة وعشرون وثلاث ايات" chrysographed.</subfield></datafield><datafield tag="500" ind1=" " ind2=" "><subfield code="a">Script: Kufic or Early ʻAbbāsid script of Déroche style D.I (see Déroche, The Abbasid tradition, p.36-37 and George, The Rise of Islamic calligraphy, p.91) ; short vowels provided in the form of red discs ; in a few rare instances small strokes have been provided in a similar brown ink to indicate one or two dots ; other pointing in grayish black ink supplied later.</subfield></datafield><datafield tag="500" ind1=" " ind2=" "><subfield code="a">Layout: Written in 7 lines per page.</subfield></datafield><datafield tag="500" ind1=" " ind2=" "><subfield code="a">Collation: V: H1-2F S H3-4F H5-6F S H7-8F S H9-10F S / F11-12H S F13-14H F15-16H S F17-18H F19-20H, V: H21-22F S H23-24F H25-26F S H17-28F H29-30F / F31-32H S F33-34H F35-36H S F37-38H F39-40H ; pagination in pencil, Western numerals, supplied during cataloguing.</subfield></datafield><datafield tag="500" ind1=" " ind2=" "><subfield code="a">Ms. fragment.</subfield></datafield><datafield tag="505" ind1="0" ind2=" "><subfield code="a">(quire 2, pp.21-40) Sūrat al-Nisāʼ (4) final words of verse 170 through final words of Sūrat al-Māʼidah (5) verse 9 (4:170-5:9)</subfield></datafield><datafield tag="505" ind1="0" ind2=" "><subfield code="a">(quire 1, pp.1-20) Sūrat al-Nisāʼ (4) middle of verse 87 through middle of verse 112 (4:87-112)</subfield></datafield><datafield tag="510" ind1="4" ind2=" "><subfield code="a">al-Dānī al-Andalusī, Abī ʻAmr ʻUthmān ibn Saʻīd. al-Bayān fī ʻadd āy al-Qurʾān, Ed. Ghānim Qaddūrī al-Ḥamad (al-Kuywat: Markaz al-Makhṭūṭāt wa-al-Turāth wa-al-Wathāʾiq, 1994),</subfield><subfield code="c">p.149</subfield></datafield><datafield tag="510" ind1="4" ind2=" "><subfield code="a">Whelan, Estelle. "Writing the word of God: some early Qurʼān manuscripts and their milieux, part I." Ars Orientalis 20, (1990):</subfield><subfield code="c">113-147</subfield></datafield><datafield tag="510" ind1="4" ind2=" "><subfield code="a">George, Alain. The Rise of Islamic calligraphy. London: Saqi, 2010.</subfield></datafield><datafield tag="510" ind1="4" ind2=" "><subfield code="a">Déroche, François. The Abbasid tradition : Qurʼans of the 8th to the 10th centuries AD. The Nasser D. Khalili collection of Islamic art, v. 1. New York : Nour Foundation in association with Azimuth Editions and Oxford University Press, c1992.</subfield></datafield><datafield tag="510" ind1="4" ind2=" "><subfield code="a">Déroche, François. Les manuscrits du coran. Aux origines de la calligraphie coranique. Catalogue des manuscrits arabes. Deuxième partie: manuscrits musulmans, Tome I, 1. Paris: Bibliothèque Nationale, 1983.</subfield></datafield><datafield tag="510" ind1="4" ind2=" "><subfield code="a">Islamic art from Michigan collections. Carol G. Fisher and Alan Fisher, Eds. (East Lansing, MI, 1982),</subfield><subfield code="c">no.52, p.98</subfield></datafield><datafield tag="520" ind1=" " ind2=" "><subfield code="a">Fragment from an early ʿAbbāsid Qur’ān carrying Sūrat al-Nisāʼ (4) middle of verse 87 through middle of verse 112 and final words of verse 170 through final words of Sūrat al-Māʼidah (5) verse 9 (4:87-112 ; 4:170-5:9).</subfield></datafield><datafield tag="530" ind1=" " ind2=" "><subfield code="a">Photographic negative in repository.</subfield></datafield><datafield tag="538" ind1=" " ind2=" "><subfield code="a">Mode of access: Internet.</subfield></datafield><datafield tag="541" ind1=" " ind2=" "><subfield code="d">1924</subfield><subfield code="3">Manuscript</subfield><subfield code="a">Anonymous</subfield><subfield code="c">Purchase, 1924</subfield><subfield code="h">$50.00</subfield></datafield><datafield tag="561" ind1=" " ind2=" "><subfield code="a">Purchased in Cairo, 1924. Once part of the personal manuscript collection of Sultan Abdülhamid II of Turkey [per R. Dougherty]. Originally housed with 23 loose leaves damaged by fire (Isl. Ms. 162 b).</subfield></datafield><datafield tag="650" ind1=" " ind2="0"><subfield code="a">Manuscripts, Arabic</subfield><subfield code="z">Michigan</subfield><subfield code="z">Ann Arbor.</subfield></datafield><datafield tag="700" ind1="0" ind2=" "><subfield code="a">Abdülhamid</subfield><subfield code="b">II,</subfield><subfield code="c">Sultan of the Turks,</subfield><subfield code="d">1842-1918,</subfield><subfield code="e">former owner.</subfield></datafield><datafield tag="773" ind1="0" ind2=" "><subfield code="a">Abdul Hamid Collection.</subfield><subfield code="w">(CStRLIN)MIUH93-A187.</subfield><subfield code="7">unbc</subfield></datafield><datafield tag="880" ind1="1" ind2="2"><subfield code="6">245-02/</subfield><subfield code="a">[القرآن,</subfield><subfield code="f">القرن 9م].</subfield></datafield><datafield tag="880" ind1="0" ind2=" "><subfield code="6">130-01/</subfield><subfield code="a">قرآن</subfield></datafield><datafield tag="CID" ind1=" " ind2=" "><subfield code="a">002641718</subfield></datafield><datafield tag="DAT" ind1="0" ind2=" "><subfield code="a">20200610040340.0</subfield><subfield code="b">20200610000000.0</subfield></datafield><datafield tag="DAT" ind1="1" ind2=" "><subfield code="a">20200610090512.0</subfield><subfield code="b">2020-06-10T16:18:43Z</subfield></datafield><datafield tag="DAT" ind1="2" ind2=" "><subfield code="a">2019-02-26T19:00:03Z</subfield></datafield><datafield tag="CAT" ind1=" " ind2=" "><subfield code="a">SDR-MIU</subfield><subfield code="d">EX LIBRIS - ALEPH</subfield><subfield code="l">prepare.pl-004-008</subfield></datafield><datafield tag="FMT" ind1=" " ind2=" "><subfield code="a">BK</subfield></datafield><datafield tag="HOL" ind1=" " ind2=" "><subfield code="0">sdr-miu002641718</subfield><subfield code="a">MiU</subfield><subfield code="b">SDR</subfield><subfield code="c">MIU</subfield><subfield code="p">mdp.39015079132810</subfield><subfield code="s">MIU</subfield><subfield code="1">002641718</subfield></datafield><datafield tag="974" ind1=" " ind2=" "><subfield code="b">MIU</subfield><subfield code="c">MIU</subfield><subfield code="d">20200610</subfield><subfield code="s">lit-dlps-dc</subfield><subfield code="u">mdp.39015079132810</subfield><subfield code="y">0899</subfield><subfield code="r">pd</subfield><subfield code="q">bib</subfield><subfield code="t">non-US bib date1 &lt; 1896</subfield></datafield></record></collection>